<record><leader>00000cas a22000007a 4500</leader><controlfield tag="001">22579876</controlfield><controlfield tag="008">901025d19741978maumr ne      0    0eng d</controlfield><datafield ind1=" " ind2=" " tag="010"><subfield code="a">sn 89063344 </subfield></datafield><datafield ind1=" " ind2=" " tag="040"><subfield code="a">MGN</subfield><subfield code="b">eng</subfield><subfield code="c">MGN</subfield><subfield code="d">OCLCQ</subfield></datafield><datafield ind1="0" ind2=" " tag="130"><subfield code="a">Citizen (North Andover, Mass.)</subfield></datafield><datafield ind1="1" ind2="4" tag="245"><subfield code="a">The citizen.</subfield></datafield><datafield ind1=" " ind2=" " tag="260"><subfield code="a">North Andover, Mass. :</subfield><subfield code="b">William P. Dole</subfield></datafield><datafield ind1=" " ind2=" " tag="300"><subfield code="a">v.</subfield></datafield><datafield ind1=" " ind2=" " tag="310"><subfield code="a">Monthly</subfield></datafield><datafield ind1="0" ind2=" " tag="362"><subfield code="a">Vol. 9, no. 10 (July, 1974)-v. 13, no. 1 (Feb., 1978).</subfield></datafield><datafield ind1=" " ind2=" " tag="752"><subfield code="a">United States</subfield><subfield code="b">Massachusetts</subfield><subfield code="c">Essex</subfield><subfield code="d">North Andover.</subfield></datafield><datafield ind1=" " ind2=" " tag="752"><subfield code="a">United States</subfield><subfield code="b">Massachusetts</subfield><subfield code="c">Essex</subfield><subfield code="d">Boxford.</subfield></datafield><datafield ind1="0" ind2="0" tag="780"><subfield code="t">North Andover citizen (North Andover, Mass. : 1965)</subfield><subfield code="w">(DLC)sn 89063343</subfield></datafield><datafield ind1="0" ind2="0" tag="785"><subfield code="t">North Andover citizen (North Andover, Mass. : 1978)</subfield><subfield code="w">(DLC)sn 89063345</subfield></datafield></record>